<record><leader>00000cas a2200000 a 4500</leader><controlfield tag="001">463335355</controlfield><controlfield tag="008">091104d197219uucauir ne      0    0eng c</controlfield><datafield ind1=" " ind2=" " tag="010"><subfield code="a">sn2009271013</subfield></datafield><datafield ind1=" " ind2=" " tag="040"><subfield code="a">CNK</subfield><subfield code="b">eng</subfield><subfield code="c">CNK</subfield><subfield code="d">OCLCQ</subfield><subfield code="d">OCLCF</subfield><subfield code="d">OCLCO</subfield></datafield><datafield ind1=" " ind2=" " tag="042"><subfield code="a">pcc</subfield></datafield><datafield ind1=" " ind2=" " tag="043"><subfield code="a">n-us-ca</subfield></datafield><datafield ind1="0" ind2=" " tag="130"><subfield code="a">Pioneer (Dublin, Calif.)</subfield></datafield><datafield ind1="1" ind2="4" tag="245"><subfield code="a">The pioneer.</subfield></datafield><datafield ind1="1" ind2="3" tag="246"><subfield code="a">Village pioneer and herald &amp; news weekly</subfield></datafield><datafield ind1=" " ind2=" " tag="260"><subfield code="a">Dublin, Calif. :</subfield><subfield code="b">Floyd Sparks</subfield></datafield><datafield ind1=" " ind2=" " tag="300"><subfield code="a">v.</subfield></datafield><datafield ind1=" " ind2=" " tag="310"><subfield code="a">Three times a week</subfield></datafield><datafield ind1=" " ind2=" " tag="500"><subfield code="a">"Serving every home in Livermore and Pleasanton."</subfield></datafield><datafield ind1=" " ind2=" " tag="500"><subfield code="a">Publisher's block information taken from Aug. 4, 1972 issue.</subfield></datafield><datafield ind1=" " ind2=" " tag="515"><subfield code="a">Numbering is irregular.</subfield></datafield><datafield ind1=" " ind2=" " tag="530"><subfield code="a">Master negatives are available for duplication from:</subfield><subfield code="b">California Newspaper Microfilm Archive;</subfield><subfield code="c">positive copies may be purchased by the reel; for further information consult the CNMA at:</subfield><subfield code="u">http://cbsr.ucr.edu</subfield></datafield><datafield ind1=" " ind2=" " tag="588"><subfield code="a">Description based on: Vol. 1, no. 2 (Aug. 2, 1972).</subfield></datafield><datafield ind1=" " ind2="0" tag="651"><subfield code="a">Livermore (Calif.)</subfield><subfield code="v">Newspapers.</subfield></datafield><datafield ind1=" " ind2="0" tag="651"><subfield code="a">Pleasanton (Calif.)</subfield><subfield code="v">Newspapers.</subfield></datafield><datafield ind1=" " ind2="7" tag="655"><subfield code="a">Newspapers.</subfield><subfield code="2">fast</subfield><subfield code="0">(OCoLC)fst01423814</subfield></datafield><datafield ind1=" " ind2="7" tag="651"><subfield code="a">California</subfield><subfield code="z">Livermore.</subfield><subfield code="2">fast</subfield><subfield code="0">(OCoLC)fst01205340</subfield></datafield><datafield ind1=" " ind2="7" tag="651"><subfield code="a">California</subfield><subfield code="z">Pleasanton.</subfield><subfield code="2">fast</subfield><subfield code="0">(OCoLC)fst01214300</subfield></datafield><datafield ind1=" " ind2=" " tag="752"><subfield code="a">United States</subfield><subfield code="b">California</subfield><subfield code="c">Alameda</subfield><subfield code="d">Dublin.</subfield></datafield><datafield ind1="0" ind2=" " tag="775"><subfield code="t">Village pioneer (Danville, Calif.)</subfield><subfield code="w">(DLC)sn 98061785</subfield></datafield></record>